%
%  Vzor bibliografické databáze ve formátu BibTeX pro automatickou tvorbu
%  seznamu referencí pomocí biblatexu.
%
%  Vyhledávače článků a různé programy na správu bibliografie často umí
%  vypisovat záznamy v bibTeXovém formátu. Může se hodit:
%
%    - Google Scholar (https://scholar.google.com/)
%    - JabRef (https://www.jabref.org/)
%    - zoterobib (https://zbib.org/)
%
%  POZOR:
%
%    *  Písmena v názvech publikací, jež je třeba tisknout vždy velká, se musejí psát
%       do složených závorek ({T}hailand, {HIV})
%
%  ===========================================================================


@ARTICLE{HeadlessChicken,
    author = {Terry Jones},
    title = {Crossover, Macromutation, and Population-base search},
    journal = {Santa Fe Institue},
    year = {1995}
}

@BOOK{Knapsack, 
    author = {A.E. Eiben and J.E.Smith},
    title = {ntroduction to Evolutionary Computing}
    series = {{S}econd {E}dition},
    year = {2015},
    pages = {39-41},
}

